
@misc{kanal_o_wszystkim_kurs_nodate,
	title = {Kurs {Python} - {Programowanie}, https://www.youtube.com/playlist?list={PL6aekdNhY7DBGiMXnmBYjImq}\_vW32QftK},
	url = {https://www.youtube.com/playlist?list=PL6aekdNhY7DBGiMXnmBYjImq_vW32QftK},
	journal = {YouTube},
	author = {Kanał o Wszystkim},
}

@misc{david_j_malan_kurs_nodate,
	title = {kurs python pomocny w nauce języka, https://www.youtube.com/watch?v={JP7ITIXGpHk}\&list={PLhQjrBD2T3817j24}-{GogXmWqO5Q5vYy0V}\&index=2},
	shorttitle = {{CS50P}},
	url = {https://www.youtube.com/watch?v=JP7ITIXGpHk&list=PLhQjrBD2T3817j24-GogXmWqO5Q5vYy0V&index=2},
	language = {English},
	journal = {Youtube},
	author = {David J. Malan},
	note = {LICENSE
CC BY-NC-SA 4.0
Creative Commons Attribution-NonCommercial-ShareAlike 4.0 International Public License},
}

@misc{noauthor_oficjalna_nodate,
	title = {Oficjalna strona {Pythona}, https://www.python.org/downloads/},
	abstract = {https://www.python.org/downloads/},
}

@misc{coding_with_russ_kanal_nodate,
	title = {Kanał na {YT} który nam pomógł w programowaniu w {Pygame}, https://www.youtube.com/@{CodingWithRuss}},
	url = {https://www.youtube.com/@CodingWithRuss},
	language = {Angielski},
	author = {Coding With Russ},
}
